<?xml version="1.0" encoding="UTF-8"?><record xmlns="http://www.loc.gov/MARC21/slim" xmlns:cinclude="http://apache.org/cocoon/include/1.0" xmlns:zs="http://www.loc.gov/zing/srw/">
  <leader>00416nz  a2200145n  4500</leader>
  <controlfield tag="001">no2003062199</controlfield>
  <controlfield tag="003">DLC</controlfield>
  <controlfield tag="005">20030624052347.0</controlfield>
  <controlfield tag="008">030623n| acannaabn          |a aaa      </controlfield>
  <datafield tag="010" ind1=" " ind2=" ">
    <subfield code="a">no2003062199</subfield>
  </datafield>
  <datafield tag="035" ind1=" " ind2=" ">
    <subfield code="a">(OCoLC)oca06083357</subfield>
  </datafield>
  <datafield tag="040" ind1=" " ind2=" ">
    <subfield code="a">DLC-OP</subfield>
    <subfield code="b">eng</subfield>
    <subfield code="c">DLC-OP</subfield>
  </datafield>
  <datafield tag="100" ind1="1" ind2=" ">
    <subfield code="a">Nāṣir, Nasīm Iqbāl</subfield>
  </datafield>
  <datafield tag="400" ind1="0" ind2=" ">
    <subfield code="a">Nasīm Iqbāl Nāṣir</subfield>
  </datafield>
  <datafield tag="670" ind1=" " ind2=" ">
    <subfield code="a">Bhuṭṭo ek falāsfar, 2003:</subfield>
    <subfield code="b">t.p. (Nasīm Iqbāl Nāṣir)</subfield>
  </datafield>
</record>